@article{mann1988rhetorical,
  title={Rhetorical structure theory: Toward a functional theory of text organization},
  author={Mann, William C and Thompson, Sandra A},
  journal={Text-Interdisciplinary Journal for the Study of Discourse},
  volume={8},
  number={3},
  pages={243--281},
  year={1988},
  publisher={Walter de Gruyter, Berlin/New York}
}

@article{xue2016conll,
  title={Conll 2016 shared task on multilingual shallow discourse parsing},
  author={Xue, Nianwen and Ng, Hwee Tou and Pradhan, Sameer and Rutherford, Attapol and Webber, Bonnie and Wang, Chuan and Wang, Hongmin},
  journal={Proceedings of the CoNLL-16 shared task},
  pages={1--19},
  year={2016}
}

@article{oepen2016opt,
  title={OPT: Oslo--Potsdam--Teesside. Pipelining Rules, Rankers, and Classifier Ensembles for Shallow Discourse Parsing},
  author={Oepen, Stephan and Read, Jonathon and Scheffler, Tatjana and Sidarenka, Uladzimir and Stede, Manfred and Velldal, Erik and {\O}vrelid, Lilja},
  journal={Proceedings of the CoNLL-16 shared task},
  pages={20--26},
  year={2016}
}